<?xml version="1.0" encoding="UTF-8"?><collection xmlns="http://www.loc.gov/MARC21/slim"><record><leader>00446nam--2200157-u-4500</leader><controlfield tag="001">000056624</controlfield><controlfield tag="002">20161230</controlfield><controlfield tag="005">20161230201052</controlfield><controlfield tag="008">160330s1000------------r-----000-0-eng-d</controlfield><datafield ind1=" " ind2=" " tag="040"><subfield code="a">IFIN-HH</subfield></datafield><datafield ind1=" " ind2=" " tag="080"><subfield code="a">539.172.4.02</subfield></datafield><datafield ind1="1" ind2=" " tag="110"><subfield code="a">Usaec Division Of Technical Information Extension</subfield></datafield><datafield ind1="1" ind2="0" tag="245"><subfield code="a">Cinda 73 vol.2. z&gt;53 an index to the literature on microscopic neutron data</subfield></datafield><datafield ind1=" " ind2=" " tag="260"><subfield code="a">Vienna</subfield><subfield code="b">Iaea</subfield><subfield code="c">1973</subfield></datafield><datafield ind1=" " ind2=" " tag="300"><subfield code="a">X+1632+ANNEX</subfield></datafield><datafield ind1=" " ind2=" " tag="852"><subfield code="a">43097</subfield></datafield></record></collection>